@article{bittencourt,
    author = "BITTENCOURT, F. T. R.; ZOUAIN, Deborah Moraes",
    title = "O Trabalho dos Jovens Profissionais da Geração Y em Organizações de Economia Criativa",
    journal = "Revista Educação, Cultura e Comunicação",
    year = "2020",
    pages = "p. 73 – 90",
    note = "{\url{https://doaj.org/article/6cbc6f003ff4496db086216346bcb48f}} [Acessado em  12 jun. de 2023]"
}
@unpublished{bebraban2022,
    author = "FEBRABAN",
    title = "Pesquisa FEBRABAN de Tecnologia Bancária 2022",
    year = "2022",
    note = "{\url{https://portal.febraban.org.br/pagina/3106/48/pt-br/pesquisa}} [Acessado em 12 jun. de 2023]"
}
