%%%%%%%%%%%%%%%%%%%%%%%%%%%%%%%%%
%%%%%%%%%%%%%%%%%%%%%%%%%%%%%%%%%
% 
%  Template LaTeX
%  Biblioteca BIBTEX para citações 
%  de Referências
%
%  PFC - Projeto de Fim de Curso 
%  Engenharia Elétrica (COEEL)
%  IFBA campus Vitória da Conquista
%
%  versão: 2023.04.12
%  Criado por: prof. Elvio Prado da Silva
%
%  Verificar mais informações em:
%  http://en.wikipedia.org/wiki/BibTeX
%
%%%%%%%%%%%%%%%%%%%%%%%%%%%%%%%%%
%%%%%%%%%%%%%%%%%%%%%%%%%%%%%%%%%
%------- ARTIGOS ----------------
%%%%%%%%%%%%%%%%%%%%%%%%%%%%%%%%%
% Itens Obrigatórios: 
% author, title, journal, year, volume
% Itens Opcionais: 
% number, pages, month, doi, note, key
%%%%%%%%%%%%%%%%%%%%%%%%%%%%%%%%%
%%%%%%%%%%%%%%%%%%%%%%%%%%%%%%%%%

@article{Elvio_Power_Transformer,
  author =   "da Silva, Elvio Prado and Camacho, Jose Roberto and Grand, Joseph",
  title =    "Power transformers measurements, analysis and automatic diagnosis system",
  journal = "IEEE ICEM 2008 - 18th International Conference on Electrical Machines", 
  year =    "2008",
  volume =  "1",
  doi =     "10.1109/ICELMACH.2008.4799986"
}

@article{CHANG,
  author =       "Chin Chang and Gert W. Bruning",
  title =        "Analysis of the Self-Oscillating Series Resonant Inverter for Electronic Ballasts",
  journal =      "IEEE TRANSACTIONS ON POWER ELECTRONICS",
  year =         "1999",
  volume =       "14",
  number =       "3",
  pages =        "533-540",
  month =        "MAY"
}

@article{Alg_Gen_VICEEL,
  author =       "Elvio Prado da{ }Silva and José Roberto Camacho",
  title =        "Algoritmos Genéticos no Posicionamento de Transformadores de Potência em Propriedades Rurais",
  journal =      "VI CEEL 2008 - Conferencia de Estudos em Engenharia Elétrica - Uberlândia-MG",
  year =         "2008"
}

@article{GeraHarm_CONNEPI_Elvio_Iuri,
  author =       {Elvio Prado da{ }Silva and Iuri Muniz Pepe},
  title =        {Software para Geração e Interpretação de Dados de Energia Elétrica com a Presença de Distúrbios Harmônicos},
  journal =      {VIII~CONNEPI - VIII Congresso Norte Nordeste de Pesquisa e Inovação, Salvador-BA},
  year =         {2013},
  month =        {Novembro}
}

%%%%%%%%%%%%%%%%%%%%%%%%%%%%%%%%%
%%%%%%%%%%%%%%%%%%%%%%%%%%%%%%%%%
%------- LIVROS -----------------
%%%%%%%%%%%%%%%%%%%%%%%%%%%%%%%%%
% Itens Obrigatórios: 
% author/editor, title, publisher, year
% Itens Opcionais: 
% volume/number, series, address, edition, month, note, key, url
%%%%%%%%%%%%%%%%%%%%%%%%%%%%%%%%%
%%%%%%%%%%%%%%%%%%%%%%%%%%%%%%%%%

@book{LaTeX_Companion,
  author =       "Michel Goossens and Frank Mittelbach and Alexander Samarin",
  title =        "The {\LaTeX} Companion",
  publisher =    "pub-AW",
  year =         "1994",
  ISBN =         "0-201-54199-8",
  LCCN =         "Z253.4.L38 G66 1994",
  pages =        "xxi + 528",
  address =      "pub-AW:adr",
}

@book{Jose_Carlos,
  author =       "José Carlos de Oliveira and João Roberto Cogo and José Policarpo G. de Abreu",
  title =        "Transformadores, Teoria e Ensaios",
  publisher =    "Editora Edgard Blucher Ltda",
  year =         "1984",
  volume =       "1",
  edition =      "1"
}

@book{RV_RA_AlexandreCardoso,
  author =       "Alexandre Cardoso and Claudio Kirner and Edgard Lamounier and Judith Kelner",
  title =        "Tecnologias para o Desenvolvimento de Sistemas de Realidade Virtual e Aumentada",
  ISBN =         "978857315-400-9",
  publisher =    "Editora Universitária - UFPE",
  year =         "2007",
  address =      "UFPE-Recife",
  edition =      "$1^a$"
}

%%%%%%%%%%%%%%%%%%%%%%%%%%%%%%%%%
%%%%%%%%%%%%%%%%%%%%%%%%%%%%%%%%%
%------- MANUAIS ----------------%%%%%%%%%%%%%%%%%%%%%%%%%%%%%%%%%
% Itens Obrigatórios: 
% author, title, institution, year
% Itens Opcionais: 
% type, number, address, month, note, key
%%%%%%%%%%%%%%%%%%%%%%%%%%%%%%%%%
%%%%%%%%%%%%%%%%%%%%%%%%%%%%%%%%%

@manual{AbnTeX2Cite,
  author =       "Lauro César Araujo",
  title =        "O pacote abntex2cite",
  institution = "ABNTeX",
  year =         "2016",
  note =        "\url{http://www.abntex.net.br/}, Acessado em 30 de março de 2023"
}

@manual{RS485_transceiver,
  author =       "Maxim Dallas Semiconductors",
  title =        "Low-Power, Slew-Rate-Limited RS-485/RS-422 Transceivers",
  institution = "Maxim Dallas Semiconductors",
  year =         "2020"
}

@manual{ISO_GUM_Incerteza,
  author =       "INMETRO",
  title =        "ISO GUM - Guia para Expressão da Incerteza de Medição, Guide to the Expression of Uncertainty in Measurement",
  institution = "INMETRO-Instituto Nacional de Metrologia, Normalização e Qualidade Industrial",
  year =         "2009"
}

@manual{AD_16Bits_TLC4541,
  author =       "TexasInstruments",
  title =        "TLC4541-TLC4545, 5V, Low Power, 16 Bits, 200ksps, Serial Nalog to Digital Converter",
  institution =    "Texas Instruments",
  year =         "2009"
}

%%%%%%%%%%%%%%%%%%%%%%%%%%%%%%%%%
%%%%%%%%%%%%%%%%%%%%%%%%%%%%%%%%%
%------- TESES E DISSERTAÇÕES ---%%%%%%%%%%%%%%%%%%%%%%%%%%%%%%%%%
% Itens Obrigatórios: 
% author, title, school, year
% Itens Opcionais: 
% type, address, month, note, key
%%%%%%%%%%%%%%%%%%%%%%%%%%%%%%%%%
%%%%%%%%%%%%%%%%%%%%%%%%%%%%%%%%%

@mastersthesis{Arcanjo,
  author =       "Celso Arcanjo da Silva",
  title =        "Estudo, Desenvolvimento e Aplicações de Conversores com Comutação Não-Dissipativa em Sistemas de Iluminção",
  school =       "Escola de Engenharia U.F.M.G.",
  year =         "1995",
  type =         "Dissertação de Mestrado",
  month =        "Abril",
  note =         "Orientador: Prof. Pedro Donoso Garcia"
}

@phdthesis{phd_Dertien,
title =         "Design of an inspection robot for small diameter gas distribution mains",
author =        "Dertien, {Edwin Christian}",
year =          "2014",
month =         "jul",
day =           "3",
doi =           "10.3990/1.9789036536813",
language =      "English",
isbn =          "978-90-365-3681-3",
series =        "CTIT Ph.D. thesis series",
publisher =     "University of Twente",
number =        "14-318",
address =       "Netherlands",
school =        "University of Twente",
}


@mastersthesis{CarlosMestrado,
  author =       "Carlos Augusto Bissochi",
  title =        "Análise  Teórico  Experimental  do Comportamento  do  Motor  de  Indução Operando com Correntes Controlada sem Regime Permanente",
  school =       "Universidade Federal de Uberlândia",
  year =         "1997",
  month =        "outubro"
}

%%%%%%%%%%%%%%%%%%%%%%%%%%%%%%%%%
%%%%%%%%%%%%%%%%%%%%%%%%%%%%%%%%%
%------- NORMAS TÉCNICAS --------%%%%%%%%%%%%%%%%%%%%%%%%%%%%%%%%%
% Itens Obrigatórios: 
% author, title, institution, year
% Itens Opcionais: 
% type, number, address, month, note, key
%%%%%%%%%%%%%%%%%%%%%%%%%%%%%%%%%
%%%%%%%%%%%%%%%%%%%%%%%%%%%%%%%%%

@techreport{NBR5380_Trafo_Ensaios,
  author =       "ABNT-NBR5380",
  title =        "ABNT - Associação Brasileira de Normas Técnicas - ABNT-NBR~5380 - Transformador de Potência - Método de ensaios",
  institution = "ABNT - Associação Brasileira de Normas Técnicas",
  year =         "1993"
}

@techreport{NBR14724_TrabalhosAcademicos,
  author =       "ABNT-NBR14724",
  title =        "ABNT - Associação Brasileira de Normas Técnicas - ABNT-NBR~14724 - Trabalhos Acadêmicos",
  institution = "ABNT - Associação Brasileira de Normas Técnicas",
  year =         "2011"
}

@techreport{NBR6023_Referencias,
  author =       "ABNT-NBR6023",
  title =        "ABNT - Associação Brasileira de Normas Técnicas - ABNT-NBR~6023 - Referências",
  institution = "ABNT - Associação Brasileira de Normas Técnicas",
  year =         "2018"
}

@techreport{IEC60146-1-2_Semiconductors,
  author =       "IEC60146-1-2",
  title =        "IEC - International Electrotechnical Commission - IEC~60146-1-2 - Semiconductor Convertors - General Requirements and Line Commutated Convertors ",
  institution = "IEC - International Electrotechnical Commission",
  year =         "1997"
}

@techreport{IEEE519_Harmonicas,
  author =       "IEEE519",
  title =        "IEEE Power Engineering Society - IEEE519-1992, IEEE Recommended Practices and Requirements for Harmonic Control in Electrical Power Systems",
  institution = "IEEE Power Engineering Society",
  year =         "1992"
}

%%%%%%%%%%%%%%%%%%%%%%%%%%%%%%%%%
%%%%%%%%%%%%%%%%%%%%%%%%%%%%%%%%%
%------- CITAÇÕES DA INTERNET ---%%%%%%%%%%%%%%%%%%%%%%%%%%%%%%%%%
% Itens Obrigatórios: 
% author, title, note
% Itens Opcionais: 
% month, year, key
%%%%%%%%%%%%%%%%%%%%%%%%%%%%%%%%%
%%%%%%%%%%%%%%%%%%%%%%%%%%%%%%%%%

@unpublished{SiteTeX-Br,
  author =       "TeX-Br",
  title =        "Wiki ~\LaTeX~",
  note =         "{\url{www.tex-br.org}} [Acessado em 17 de Março de 2023]",
  year =         "2023"
}

@unpublished{TCO_Leonardo,
  author =       "Walter Hulshorst - Kema Consulting",
  title =        "Total Cost of Ownership of Transformers",
  note =         "Leonardo da Vinci Energy {\url{http://www.leonardo-energy.org/total-cost-ownership-distribution-transformers}} [Acessado em 17 de Março de 2023]",
  year =         "2023"
}

@unpublished{FFTW_pagina,
  author =       "FFTW",
  title =        "{FFTW C Subroutine Library for Computing the Discrete Fourier Transform (DFT) in one or more Dimensions}",
  note =         "{\url{http://www.fftw.org}} [Acessado em 30 de Março de 2023]",
  year =         "2023"
}

@unpublished{LogoIFBA_pagina,
  author =       "Reitoria-IFBA",
  title =        "{Manual de uso da Marca do IFBA}",
  note =         "{\url{https://portal.ifba.edu.br/dgcom/documentos-e-manuais/manuais}} [Acessado em 10 de Abril de 2023]",
  year =         "2015"
}


%%%%%%%%%%%%%%%%%%%%%%%%%%%%%%%%%%%%%%%%%%%%%%%%%%

@article{institutopetbrasil2020,
  author = {Instituto Pet Brasil},
  title = {Anuário Pet 2020},
  year = {2020},
  journal = {Revista do Instituto Pet Brasil},
  urldate = {2023-05-18},
  note =         "{\url{http://institutopetbrasil.com/wp-content/uploads/2020/10/PETBRASIL_Inbook_20200924_preview.pdf}} [Acessado em 08 de dezembro de 2022]",
}

@online{avoador2020,
  author = {Cardoso, Jhou},
  title = {Situação dos Animais em Vitória da Conquista},
  year = {2020},
  urldate = {2023-05-18},
  note =         "{\url{https://avoador.com.br/pagina-central/caes-sobrevivem-entre-as-marcas-do-abandono-e-amor/}} [Acessado em 12 de dezembro de 2022]",
}

@misc{lei,
  author = {{Brasil}},
  title = {Lei nº 9.605, de 12 de fevereiro de 1998},
  year = {1998},
  howpublished = {Disponível em: \url{https://www.planalto.gov.br/ccivil_03/leis/l9605.htm}},
  note = {Acesso em: 18 maio 2023},
  institution = {Planalto},
  keywords = {lei}
}

@book{Thiollent,
  author =       "Michel Thiollent",
  title =        "Metodologia da pesquisa-ação",
  publisher =    "Cortez Editora",
  year =         "1986",
  volume =       "1",
  edition =      "2"
}

@book{Guedes,
  author =       "Gilleanes T. A. Guedes",
  title =        "UML 2: Uma abordagem prática",
  publisher =    "São Paulo: Novatec",
  year =         "2011",
  edition =      "2"
}

@online{Guedes2,
  author = {Marylene Guedes},
  title = {5 motivos para estudar React},
  year = {2020},
  urldate = {2020-07-10},
  note = {\url{https://www.treinaweb.com.br/blog/5-motivos-para-estudar-react} [Acessado em 30 de novembro de 2022]},
}
@book{Sommerville,
  author =       "Sommerville",
  title =        "Engenharia de Software",
  publisher =    "São Paulo: Pearson",
  year =         "2004",
  volume =       "1",
  edition =      "6"
}

@online{Schultz,
  author = {Silvia Schultz},
  title = {Abandono de animais – A dura realidade da vida nas ruas},
  year = {2009},
  urldate = {2021-12-1},
  note =         "{\url{http://www.portalnossomundo.com/site/mais/artigos/abandono.html}} [Acessado em 1 de dezembro de 2022]",
}

@online{Veiga,
  author = {Edison Veiga},
  title = {A 'epidemia de abandono' dos animais de estimação na crise do coronavírus},
  year = {2020},
  urldate = {2020-07-30},
  note =         "{\url{https://www.bbc.com/portuguese/brasil-53594179}} [Acessado em 04 de dezembro de 2022]",
}

@online{Lombardi,
  author = {Glaucia Lombardi},
  title = {A 'epidemia de abandono' dos animais de estimação na crise do coronavírus},
  year = {2020},
  urldate = {2020-07-30},
  note = {\url{https://www.bbc.com/portuguese/brasil-53594179} [Acessado em 04 de dezembro de 2022]},
}

@online{Duarte,
  author = {Flávia Duarte},
  title = {Pandemia faz disparar abandono de animais de estimação pelo mundo},
  year = {2021},
  urldate = {2021-07-11},
  note = {\url{https://www.cnnbrasil.com.br/internacional/pandemia-faz-disparar-abandono-de-animais-de-estimacao-pelo-mundo/} [Acessado em 04 de dezembro de 2022]},
}

@online{Planez,
  author = {Paulo Planez},
  title = {Um pouco de História para entender os sistemas de informação},
  year = {2015},
  urldate = {2015-10-27},
  note = {\url{https://www.tiespecialistas.com.br/um-pouco-de-historia-para-entender-os-sistemas-de-informacao/} [Acessado em 05 de dezembro de 2022]},
}

@online{Muller,
  author = {Nicolas Muller},
  title = {O impacto da tecnologia em nossas vidas},
  year = {2018},
  urldate = {2018-05-09},
  note = {\url{https://www.oficinadanet.com.br/post/16174-o-impacto-da-tecnologia-em-nossas-vidas} [Acessado em 05 de dezembro de 2022]},
}

@article{Alvez,
  author = "Ana Julia Silva e Alves and Aline Gil Alves Guilloux and Carolina Ballarini Zetun and Gina Polo and Guilherme Basseto Braga and Ligia Issberner Panachão Oswaldo Santos and Ricardo Augusto Dias",
  title =        "Abandono de cães na América Latina",
  journal =      "MV&Z Revista de educação continuada em medicina veterinária e zootecnia",
  year =         "2013",
  volume =       "11",
  number =       "2",
  pages =        "34-41",
  month =        "Julho"
}

@unpublished{internetlivestats,
  author =       "internetlivestats.com",
  title =        "Internet users in the word",
  note =         "{\url{https://www.internetlivestats.com/watch/internet-users/}} [Acessado em 17 de Março de 2023]",
  year =         "2023"
}

@unpublished{ebc,
  author =       "agenciabrasil.ebc.com.br",
  title =        "Internet users in the word",
  note =         "{\url{https://agenciabrasil.ebc.com.br/geral/noticia/2020-05/brasil-tem-134-milhoes-de-usuarios-de-internet-aponta-pesquisa}} [Acessado em 17 de Março de 2023]",
  year =         "2020"
}

@online{Noleto,
  author = {Cairo Noleto},
  title = {Aplicações web: entenda o que são e como funcionam!},
  year = {2020},
  urldate = {2022-12-20},
  note = {\url{https://blog.betrybe.com/desenvolvimento-web/aplicacoes-web/} [Acessado em 06 de dezembro de 2022]},
}

@online{Barros,
  author = {Leonardo Barros},
  title = {Sistemas Web: o que são e quais os seus benefícios},
  year = {2020},
  urldate = {2020-05-21},
  note = {\url{https://eescjr.com.br/blog/sistemas-web-definicao-beneficios/} [Acessado em 06 de dezembro de 2022]},
}

@online{Ballerini,
  author = {Rafaella Ballerini},
  title = {HTML, CSS e Javascript, quais as diferenças?},
  year = {2023},
  urldate = {2023-03-03},
  note = {\url{https://www.alura.com.br/artigos/html-css-e-js-definicoes} [Acessado em 15 de abril de 2023]},
}

@manual{Pedroso,
  author =       "Carlos Augusto Bissochi",
  title =        "Robertha Pereira Pedroso",
  institution =       "Universidade Federal Fluminense",
  note =        "\url{https://www.telecom.uff.br/pet/petws/downloads/apostilas/HTML.pdf}, Acessado em 10 de janeiro de 2022",
  year =         "2007",
  month =        "junho"
}

@unpublished{MDNWebDocs,
  author =       "MDNWebDocs",
  title =        "CSS: Cascading Style Sheets",
  note =         "{\url{https://developer.mozilla.org/en-US/docs/Web/CSS}} [Acessado em 20 de abril de 2023]",
  year =         "2023"
}

@unpublished{LUCIANA,
  author =       "LUCIANA ZENHA",
  title =        "REDES SOCIAIS ONLINE: O que são as redes sociais e como se organizam?. UEMG",
  note =         "{\url{https://revista.uemg.br/index.php/cadernodeeducacao/article/view/2809}} [Acessado em 23 de abril de 2023]",
  year =         "2023"
}

@online{Roveda,
  author = {Ugo Roveda},
  title = {O QUE É REACT: PARA QUE SERVE, COMO FUNCIONA E CARACTERÍSTICAS},
  year = {2023},
  urldate = {2023-02-07},
  note = {\url{https://kenzie.com.br/blog/react/} [Acessado em 10 de dezembro de 2022]},
}

@online{Prata,
  author = {Ramon Prata},
  title = {O QUE É REACT: PARA QUE SERVE, COMO FUNCIONA E CARACTERÍSTICAS},
  year = {2019},
  urldate = {2019-06-28},
  note = {\url{https://www.dtidigital.com.br/blog/considere-react-no-seu-projeto} [Acessado em 03 de dezembro de 2022]},
}


@online{Estrella,
  author = {Carlos Estrella},
  title = {O Que é PHP? Guia Básico de Programação PHP},
  year = {2023},
  urldate = {2023-03-24},
  note = {\url{https://www.treinaweb.com.br/blog/5-motivos-para-estudar-react} [Acessado em 20 de fevereiro de 2023]},
}

@online{MeloPHP,
  author = {Diego Melo},
  title = {O que é PHP? [Guia para iniciantes]},
  year = {2021},
  urldate = {2021-12-06},
  note = {\url{https://tecnoblog.net/responde/o-que-e-php-guia-para-iniciantes/} [Acessado em 20 de fevereiro de 2022]},
}

@online{MeloLaravel,
  author = {Diego Melo},
  title = {O que é Laravel? [Guia para iniciantes]},
  year = {2023},
  urldate = {2021-12-08},
  note = {\url{https://www.treinaweb.com.br/blog/5-motivos-para-estudar-react} [Acessado em 20 de fevereiro de 2022]},
}

@unpublished{W3techs,
  author =       "W3techs.com",
  title =        "W3Techs - World Wide Web Technology Surveys",
  note =         "{\url{https://w3techs.com/}} [Acessado em 21 de Maio de 2023]",
  year =         "2023"
}

@online{Weldell,
  author = {Weldell},
  title = {Laravel Tutorial},
  year = {2015},
  note = {\url{https://www.devmedia.com.br/laravel-tutorial/33173} [Acessado em 10 de novembro de 2022]},
}

@online{SwatiTawde,
  author = {Swati Tawde},
  title = {What is Laravel?},
  year = {2015},
  note = {\url{https://www.educba.com/what-is-laravel/} [Acessado em 01 de maio de 2022]},
}

@online{Andrade,
  author = {Ana Paula de Andrade},
  title = {O que é Banco de Dados?},
  year = {2021},
  note = {\url{https://www.treinaweb.com.br/blog/o-que-e-banco-de-dados} [Acessado em 11 de dezembro de 2022]},
}

@online{RicardoBD,
  author = {Ricardo},
  title = {Conceitos Fundamentais de Banco de Dados},
  year = {2006},
  note = {\url{https://www.devmedia.com.br/conceitos-fundamentais-de-banco-de-dados/1649} [Acessado em 11 de dezembro de 2022]},
}

@online{RicardoProjetoBD,
  author = {Ricardo},
  title = {Projeto de Banco de Dados - Parte 1},
  year = {2008},
  note = {\url{https://www.devmedia.com.br/projeto-de-banco-de-dados-parte-1/10923} [Acessado em 11 de dezembro de 2022]},
}

@online{Rafael,
  author = {Rafael Marques},
  title = {MariaDB 10: Ainda mais poderoso que o MySQL},
  year = {2020},
  note = {\url{https://www.homehost.com.br/blog/tutoriais/mariadb-10-ainda-mais-poderoso-que-o-mysql/} [Acessado em 01 de maio de 2023]},
}

@unpublished{PUPZ,
  author =       "meupetconectado.com.br",
  note =         "{\url{meupetconectado.com.br}} [Acessado em 07 de maio de 2023]",
  year =         "2023"
}

@unpublished{IZOO,
  author =       "www.izoo.com.br",
  note =         "{\url{www.izoo.com.br}} [Acessado em 07 de maio de 2023]",
  year =         "2023"
}
@unpublished{ARKNOAH,
  author =       "arknoah.com.br",
  note =         "{\url{arknoah.com.br}} [Acessado em 04 de maio de 2023]",
  year =         "2023"
}
@unpublished{APPEGADA,
  author =       "appegada.com",
  note =         "{\url{appegada.com}} [Acessado em 06 de maio de 2023]",
  year =         "2023"
}
@unpublished{ALERTPET,
  author =       "alertpet.com.br",
  note =         "{\url{alertpet.com.br}} [Acessado em 07 de maio de 2023]",
  year =         "2023"
}
@unpublished{PETPONTO,
  author =       "www.petponto.com",
  note =         "{\url{www.petponto.com}} [Acessado em 03 de maio de 2023]",
  year =         "2023"
}

@unpublished{FLOCKR,
  author =       "flockr.social",
  note =         "{\url{flockr.social/funcionalidades/rede-social-pet}} [Acessado em 2 de maio de 2023]",
  year =         "2023"
}

@online{Fabbro,
  author = {Carlos Fabbro},
  title = {Empresário cria app com biometria facial para encontrar animais perdidos},
  year = {2008},
  note = {\url{https://www.uol.com.br/ecoa/ultimas-noticias/2022/05/12/empresario-cria-app-com-biometria-facial-para-encontrar-animais-perdidos.htm} [Acessado em 07 de maio de 2023]},
}
@online{CapitalSP,
  author = {{Secretaria Especial de Comunicação}},
  title = {SERVIÇO: Saiba como emitir o Registro Geral do Animal (RGA)},
  year = {2016},
  note = {\url{https://www.capital.sp.gov.br/noticia/servico-saiba-como-emitir-o-registro-geral-do-animal-rga#:~:text=O\%20animal\%20registrado\%20recebe\%20uma,credenciados\%20para\%20emiss\%C3\%A3o\%20do\%20RGA)} [Acessado em 15 de maio de 2023]},
}


%%%%%%%%%%%%%%%%%%%%%%%%%%%%%%%%%
%%%%%%%%%%%%%%%%%%%%%%%%%%%%%%%%%

