@article{bittencourt,
    author = "Flora Thamiris Rodrigues~Bittencourt and Deborah Moraes~Zouain",
    title = "O Trabalho dos Jovens Profissionais da Geração Y em Organizações de Economia Criativa",
    journal = "Revista Educação, Cultura e Comunicação",
    year = "2020",
    pages = "p. 73 – 90",
    note = "{\url{https://doaj.org/article/6cbc6f003ff4496db086216346bcb48f}} [Acessado em  12 jun. de 2023]"
}
@unpublished{bebraban2022,
    author = "FEBRABAN",
    title = "Pesquisa FEBRABAN de Tecnologia Bancária 2022",
    year = "2022",
    note = "{\url{https://portal.febraban.org.br/pagina/3106/48/pt-br/pesquisa}} [Acessado em 12 jun. de 2023]"
}
@unpublished{wearesocial,
    author = "WE ARE SOCIAL. ",
    title = "The Changing World of Digital in 2023",
    publisher = "Blog We Are Social",
    month = "Janeiro",
    year = "2023",
    note = "{\url{https://wearesocial.com/uk/blog/2023/01/the-changing-world-of-digital-in-2023/}} [Acessado em  10 mai. de 2023]"
}